<?xml version="1.0" encoding="UTF-8"?><collection xmlns="http://www.loc.gov/MARC21/slim"><record><leader>00406nam--2200145-i-4500</leader><controlfield tag="001">000011408</controlfield><controlfield tag="002">20161230</controlfield><controlfield tag="005">20161230201029</controlfield><controlfield tag="008">060222s1000------------r-----000-0-eng-d</controlfield><datafield ind1=" " ind2=" " tag="080"><subfield code="a">530.12</subfield></datafield><datafield ind1=" " ind2=" " tag="245"><subfield code="a">Introduction to general relativity</subfield></datafield><datafield ind1=" " ind2=" " tag="260"><subfield code="a">Oxford, Pergamon Press, 1974. Viii + 224 P</subfield></datafield><datafield ind1=" " ind2=" " tag="490"><subfield code="a">International Series Of Monographs In Natural Phylosophy</subfield></datafield><datafield ind1=" " ind2=" " tag="700"><subfield code="a">Atwater, H.A</subfield></datafield><datafield ind1=" " ind2=" " tag="852"><subfield code="a">38447</subfield></datafield></record></collection>